@article{jem2017,
  author = {James A Gopsill and Ben J Hicks},
  AUTHOR+an = {1=highlight},
  title ={Investigating the effect of scale and scheduling strategies on the productivity of 3D managed print services},
  journal = {Proceedings of the Institution of Mechanical Engineers, Part B: Journal of Engineering Manufacture}, 
  volume = {0},
  number = {0},
  % pages = {0954405417708217},
  year = {2017},
  doi = {10.1177/0954405417708217},
  URL = {https://doi.org/10.1177/0954405417708217},
  eprint = {https://doi.org/10.1177/0954405417708217}
}

@phdthesis{hermans2015,
  author  = {G. Hermans}, 
  title   = {Opening Up Design: Engaging the Layperson in the Design of Everyday Products},
  school  = {Umeå Institure of Design, Faculty of Science and Technology, Umeå University},
  year    = 2015,
  note    = {}
}

@inproceedings{zaki2016,
  doi = {10.1109/dicta.2016.7797065},
  url = {https://doi.org/10.1109%2Fdicta.2016.7797065},
  year = 2016,
  month = {nov},
  publisher = {{IEEE}},
  author = {Hasan F. M. Zaki and Faisal Shafait and Ajmal Mian},
  title = {Modeling 2D Appearance Evolution for 3D Object Categorization},
  booktitle = {2016 International Conference on Digital Image Computing: Techniques and Applications ({DICTA})}
}

@article{lee2011,
  title={3D reconstruction of polyhedral objects from single parallel projections using cubic corner},
  author={Lee, Yong Tsui and Fang, Fen},
  journal={Computer-Aided Design},
  volume={43},
  number={8},
  pages={1025--1034},
  year={2011},
  publisher={Elsevier}
}

@article{liu2005,
  title={Sketch-based free-form shape modelling with a fast and stable numerical engine},
  author={Liu, Yong-Jin and Tang, Kai and Joneja, Ajay},
  journal={Computers \& Graphics},
  volume={29},
  number={5},
  pages={771--786},
  year={2005},
  publisher={Elsevier}
}

@article{jha2014,
  title={Reconstruction of 3D Geometry of General Curved Surfaces from a Single Image},
  author={Jha, Alok Kumar and Gurumoorthy, B},
  journal={Computer-Aided Design and Applications},
  volume={11},
  number={5},
  pages={589--596},
  year={2014},
  publisher={Taylor \& Francis}
}

@article{van19983d,
  title={3D reconstruction from a single image using geometric constraints},
  author={Van den Heuvel, Frank A},
  journal={ISPRS Journal of Photogrammetry and Remote Sensing},
  volume={53},
  number={6},
  pages={354--368},
  year={1998},
  publisher={Elsevier}
}

@article{furukawa2009,
  title={Accurate, dense, and robust multiview stereopsis},
  author={Furukawa, Yasutaka and Ponce, Jean},
  journal={IEEE transactions on pattern analysis and machine intelligence},
  volume={32},
  number={8},
  pages={1362--1376},
  year={2009},
  publisher={IEEE}
}

@inproceedings{tingdahl2011,
  title={A public system for image based 3d model generation},
  author={Tingdahl, David and Van Gool, Luc},
  booktitle={Int.\ conference on computer vision/computer graphics collaboration techniques and applications},
  pages={262--273},
  year={2011},
  organization={Springer}
}

@online{arc2019,
  author={Anon},
  title={ARC 3D Webservice},
  url={https://homes.esat.kuleuven.be/~visit3d/webservice/v2/contact.php},
  urldate = {2019-09-16}
}

@article{weiss2009,
  title={Reconstruction of 3D Models from Measurements Obtained by a Moving Sensor},
  author={Weiss-Cohen, Miri and Bondarenko, Alina and Halevi, Yoram},
  journal={Computer-Aided Design and Applications},
  volume={6},
  number={1},
  pages={103--114},
  year={2009},
  publisher={Taylor \& Francis}
}

@inproceedings{zaki2016,
  doi = {10.1109/dicta.2016.7797065},
  url = {https://doi.org/10.1109%2Fdicta.2016.7797065},
  year = 2016,
  month = {nov},
  publisher = {{IEEE}},
  author = {Hasan F. M. Zaki and Faisal Shafait and Ajmal Mian},
  title = {Modeling 2D Appearance Evolution for 3D Object Categorization},
  booktitle = {2016 International Conference on Digital Image Computing: Techniques and Applications ({DICTA})}
}

@inproceedings{maturana2015,
  title={Voxnet: A 3d convolutional neural network for real-time object recognition},
  author={Maturana, Daniel and Scherer, Sebastian},
  booktitle={2015 IEEE/RSJ International Conference on Intelligent Robots and Systems (IROS)},
  pages={922--928},
  year={2015},
  organization={IEEE}
}


% models

@online{patil2018,
  author={D. Patil},
  title={Computer Mouse Model},
  year={2018},
  url={https://grabcad.com/library/mouse-325},
  urldate = {2019-08-02}
}

@online{borque2018,
  author={M. Bourque},
  title={Coffee Cup Model},
  year={2018},
  url={https://grabcad.com/library/coffee-cup-59},
  urldate = {2019-08-02}
}


@online{solanki2019,
  author={K. Solanki},
  title={Turbine Model},
  year={2019},
  url={https://grabcad.com/library/impeller-233},
  urldate = {2019-08-02}
}

@online{amagliani2018,
  author={D. Amagliani},
  title={Toy Car Model},
  year={2018},
  url={https://grabcad.com/library/wooden-toy-car-10},
  urldate = {2019-08-02}
}

@online{karlie2018,
  author={S. Karlie},
  title={Spur Gear Model},
  year={2018},
  url={https://grabcad.com/library/spur-gear-18},
  urldate = {2019-08-02}
}

@incollection{alexnet,
title = {ImageNet Classification with Deep Convolutional Neural Networks},
author = {Alex Krizhevsky and Sutskever, Ilya and Hinton, Geoffrey E},
booktitle = {Advances in Neural Information Processing Systems 25},
editor = {F. Pereira and C. J. C. Burges and L. Bottou and K. Q. Weinberger},
pages = {1097--1105},
year = {2012},
publisher = {Curran Associates, Inc.},
url = {http://papers.nips.cc/paper/4824-imagenet-classification-with-deep-convolutional-neural-networks.pdf}
}

@inproceedings{googlenet,
title	= {Going Deeper with Convolutions},
author	= {Christian Szegedy and Wei Liu and Yangqing Jia and Pierre Sermanet and Scott Reed and Dragomir Anguelov and Dumitru Erhan and Vincent Vanhoucke and Andrew Rabinovich},
year	= {2015},
URL	= {http://arxiv.org/abs/1409.4842},
booktitle	= {Computer Vision and Pattern Recognition (CVPR)}
}



@misc{resnet,
  title={Deep Residual Learning for Image Recognition},
  author={Kaiming He and Xiangyu Zhang and Shaoqing Ren and Jian Sun},
  year={2015},
  eprint={1512.03385},
  archivePrefix={arXiv},
  primaryClass={cs.CV}
}

@article{inception,
  author    = {Christian Szegedy and
               Vincent Vanhoucke and
               Sergey Ioffe and
               Jonathon Shlens and
               Zbigniew Wojna},
  title     = {Rethinking the Inception Architecture for Computer Vision},
  journal   = {CoRR},
  volume    = {abs/1512.00567},
  year      = {2015},
  url       = {http://arxiv.org/abs/1512.00567},
  archivePrefix = {arXiv},
  eprint    = {1512.00567},
  timestamp = {Mon, 13 Aug 2018 16:49:07 +0200},
  biburl    = {https://dblp.org/rec/bib/journals/corr/SzegedyVISW15},
  bibsource = {dblp computer science bibliography, https://dblp.org}
}

@INPROCEEDINGS{Mikołajczyk, 
author={A. {Mikołajczyk} and M. {Grochowski}}, 
booktitle={2018 International Interdisciplinary PhD Workshop (IIPhDW)}, 
title={Data augmentation for improving deep learning in image classification problem}, 
year={2018}, 
volume={}, 
number={}, 
pages={117-122}, 
keywords={biomedical MRI;convolution;image classification;learning (artificial intelligence);medical image processing;neural nets;skin;histopathological images;data augmentation;image classification problem;deep neural networks;DNN structures;image analysis;training data;image style transfer;deep learning;convolutional neural networks;learning algorithms;CNN;skin melanomas diagnosis;breast magnetic resonance imaging scans analysis;MRI;ML;Image color analysis;Machine learning;Lesions;Image classification;Neural networks;Cancer;Task analysis;Machine learning;style transfer;data augmentation;deep learning;medical imaging}, 
doi={10.1109/IIPHDW.2018.8388338}, 
ISSN={null}, 
month={May},}


@inproceedings{buehler2015,
  title={Sharing is caring: Assistive technology designs on thingiverse},
  author={Buehler, Erin and Branham, Stacy and Ali, Abdullah and Chang, Jeremy J and Hofmann, Megan Kelly and Hurst, Amy and Kane, Shaun K},
  booktitle={Proceedings of the 33rd Annual ACM Conference on Human Factors in Computing Systems},
  pages={525--534},
  year={2015}
}

@article{baumann2018,
  title={Thingiverse: review and analysis of available files},
  author={Baumann, Felix W and Roller, Dieter},
  journal={International Journal of Rapid Manufacturing},
  volume={7},
  number={1},
  pages={83--99},
  year={2018},
  publisher={Inderscience Publishers (IEL)}
}

@inproceedings{alcock2016,
  title={Barriers to using, customizing, and Printing 3D designs on thingiverse},
  author={Alcock, Celena and Hudson, Nathaniel and Chilana, Parmit K},
  booktitle={Proceedings of the 19th International Conference on Supporting Group Work},
  pages={195--199},
  year={2016}
}